<?xml version="1.0" encoding="UTF-8"?><collection xmlns="http://www.loc.gov/MARC21/slim"><record><leader>00375nam--2200133-i-4500</leader><controlfield tag="001">000024122</controlfield><controlfield tag="002">20161230</controlfield><controlfield tag="005">20161230201035</controlfield><controlfield tag="008">060222s1000------------r-----000-0-eng-d</controlfield><datafield ind1=" " ind2=" " tag="080"><subfield code="a">547.466</subfield></datafield><datafield ind1=" " ind2=" " tag="100"><subfield code="a">Jakubke, H.D.And Jeschkeit, N</subfield></datafield><datafield ind1=" " ind2=" " tag="245"><subfield code="a">Amino acide, peptides and proteins - an introduction -</subfield></datafield><datafield ind1=" " ind2=" " tag="260"><subfield code="a">London, Macmillan Press Ltd., 1977, Xi  + 336p</subfield></datafield><datafield ind1=" " ind2=" " tag="852"><subfield code="a">49947</subfield></datafield></record></collection>